@inproceedings{DynamoRIOKernel,
  author = {Feiner, Peter and Brown, Angela Demke and Goel, Ashvin},
  title = {{Comprehensive Kernel Instrumentation via Dynamic Binary Translation}},
  booktitle = {ASPLOS},
  year = {2012},
}

@phdthesis{DynamoRIO,
  author = {Bruening, Derek L.},
  title = {Efficient, transparent, and comprehensive runtime code manipulation},
  year = {2004},
  publisher = {Massachusetts Institute of Technology},
  address = {Cambridge, MA, USA},
}

@inproceedings{PinOS,
  author = {Bungale, Prashanth P. and Luk, Chi-Keung},
  booktitle = {In VEE},
  title = {PinOS: a programmable framework for whole-system dynamic instrumentation.},
  year = 2007
}

@inproceedings{UnlimitedWatchpoints,
   author              = {Joseph L. Greathouse and 
                          Hongyi Xin and 
                          Yixin Luo and 
                          Todd M. Austin},
   title               = {A case for unlimited watchpoints.},
   booktitle           = {ASPLOS},
   year                = {2012},
}



@inproceedings{AddressSanitizer,
  title = {{AddressSanitizer: A Fast Address Sanity Checker}},
  author  = {Konstantin Serebryany and Derek Bruening and Alexander Potapenko and Dmitry Vyukov},
  year  = 2012,
  booktitle = {USENIX ATC 2012}
}

@inproceedings{DynamoRIOWatchpoints,
  author = {Zhao, Qin and Rabbah, Rodric and Amarasinghe, Saman and Rudolph, Larry and Wong, Weng-Fai},
  title = {How to do a million watchpoints: efficient debugging using dynamic instrumentation},
  booktitle = {CC / ETAPS},
  year = {2008},
}

@inproceedings{Memcheck,
  author = {Nethercote, Nicholas and Seward, Julian},
  title = {How to shadow every byte of memory used by a program},
  booktitle = {VEE},
  year = {2007},
}

@INPROCEEDINGS{Mondrix,
    author = {Emmett Witchel and Junghwan Rhee and Krste Asanovic},
    title = {{Mondrix: Memory isolation for Linux using Mondriaan memory protection}},
    booktitle = {SOSP},
    year = {2005},
    pages = {31--44}
}

 INPROCEEDINGS{ReferentPointers,
  author = {Richard W M Jones and Paul H J Kelly},
  title = {{Backwards-compatible bounds checking for arrays and pointers in C programs}},
  booktitle = {Distributed Enterprise Applications. HP Labs Tech Report},
  year = {1997},
}

@inproceedings{BccFatPointers,
  author = {S.C. Kendall},
  title = {{Bcc: Run-time checking for C programs}},
  year = {1983},
  booktitle = {USENIX Toronto 1983 Summer Conference Proceedings},
}

@article{GibraltarKernelInvariants,
  author = {Baliga, Arati and Ganapathy, Vinod and Iftode, Liviu},
  title = {Detecting Kernel-Level Rootkits Using Data Structure Invariants},
  journal = {IEEE Trans. Dependable Secur. Comput.},
  year = {2011},
}

@inproceedings{OSck,
  Author = {Owen Hofmann and Alan M. Dunn and Sangman Kim and Indrajit Roy and Emmett Witchel},
  Title = {Ensuring Operating System Kernel Integrity with {OSck}},
  booktitle = {ASPLOS},
  Year = {2011}
}

@inproceedings{LXFI,
  author = {Mao, Yandong and Chen, Haogang and Zhou, Dong and Wang, Xi and Zeldovich, Nickolai and Kaashoek, M. Frans},
  title = {Software fault isolation with {API} integrity and multi-principal modules},
  booktitle = {SOSP},
  year = {2011},
}

@inproceedings{BGI,
  author = {Castro, Miguel and Costa, Manuel and Martin, Jean-Philippe and Peinado, Marcus and Akritidis, Periklis and Donnelly, Austin and Barham, Paul and Black, Richard},
  booktitle = {SOSP},
  title = {{Fast Byte-Granularity Software Fault Isolation}},
  year = {2009}
}

inproceedings{RCU,
  author = {Paul E. McKenney and John D. Slingwine},
  title = {{Read-copy update: Using execution history to solve concurrency problems}},
  booktitle = {Parallel and Distributed Computing Systems},
  year = {1998},
}

@misc{GranaryAtOSDI,
  author = {Peter Goodman and Akshay Kumar and Angela Demke Brown and Ashvin Goel},
  title = {Granary: Comprehensive Kernel Module Instrumentation},
  booktitle = {In OSDI},
  year = {2012},
  howpublished = {Poster at OSDI'12},
  series = {OSDI '12}
}

@misc{GNUDebugger,
  author = {Peter Goodman and Akshay Kumar and Angela Demke Brown and Ashvin Goel},
  title = {Granary: Comprehensive Kernel Module Instrumentation},
  booktitle = {In OSDI},
  year = {2012},
  howpublished = {Poster at OSDI'12},
  series = {OSDI '12}
}

online{RCUInLinux,
  AUTHOR = "Paul E. McKenney and Silas Boyd-Wickizer and Jonathan Walpole",
  TITLE = "{RCU} Usage In the Linux Kernel: One Decade Later",
  YEAR = {2012},
  url = {http://www2.rdrop.com/users/paulmck/techreports/survey.2012.09.17a.pdf}}

@inproceedings{SecureProgramExecFlowTracking,
 author = {Suh, G. Edward and Lee, Jae W. and Zhang, David and Devadas, Srinivas},
 title = {Secure program execution via dynamic information flow tracking},
 booktitle = {ASPLOS},
 year = {2004},
} 

@inproceedings{PinADX,
  author = {Lueck, Gregory and Patil, Harish and Pereira, Cristiano},
  title = {{PinADX}: an interface for customizable debugging with dynamic instrumentation},
  booktitle = {CGO},
  year = {2012},
} 

@INPROCEEDINGS{Wahbe93practicaldata,
    author = {Robert Wahbe and Steven Lucco and Susan L. Graham},
    title = {Practical Data Breakpoints: Design and Implementation},
    booktitle = {In Proceedings of the ACM SIGPLAN Conference on Programming Language Design and Implementation},
    year = {1993},
    pages = {1--12},
    publisher = {ACM Press}
}

@MISC{Roberts96implementationand,
    author = {Paul E. Roberts and Paul E. Roberts and Robert R. Kessler and Gary E. Lindstrom and Date John and B. Carter and Ann W. Hart},
    title = {Implementation And Evaluation Of Data Breakpoint Schemes In An Interactive Debugger},
    year = {1996}
}

@INPROCEEDINGS{Boehm96simplegarbage-collector-safety,
    author = {Hans-J. Boehm},
    title = {Simple Garbage-Collector-Safety},
    booktitle = {In 1996 SIGPLAN Conference on Programming Language Design and Implementation},
    year = {1996},
    pages = {89--98},
    publisher = {ACM Press}
}

@inproceedings{Bruening:2011:PMC:2190025.2190067,
 author = {Bruening, Derek and Zhao, Qin},
 title = {Practical memory checking with Dr. Memory},
 booktitle = {Proceedings of the 9th Annual IEEE/ACM International Symposium on Code Generation and Optimization},
 series = {CGO '11},
 year = {2011},
 isbn = {978-1-61284-356-8},
 pages = {213--223},
 numpages = {11},
 url = {http://dl.acm.org/citation.cfm?id=2190025.2190067},
 acmid = {2190067},
 publisher = {IEEE Computer Society},
 address = {Washington, DC, USA},
} 

@INPROCEEDINGS{Maebe_precisedetection,
    author = {Jonas Maebe and Michiel Ronsse},
    title = {Precise Detection of Memory Leaks},
    booktitle = {In International Workshop on Dynamic Analysis (2004},
    year = {},
    pages = {25--31}
}

@MISC{Rs_purify:fast,
    author = {Er Ro Rs},
    title = {Purify: Fast Detection of Memory Leaks and Access Errors},
    year = {}
}