@inproceedings{DRK,
  author = {Feiner, Peter and Brown, Angela Demke and Goel, Ashvin},
  title = {{Comprehensive Kernel Instrumentation via Dynamic Binary Translation}},
  booktitle = {ASPLOS},
  year = {2012},
}

@phdthesis{DynamoRIO,
  author = {Bruening, Derek L.},
  title = {Efficient, transparent, and comprehensive runtime code manipulation},
  year = {2004},
  school = {Massachusetts Institute of Technology},
  publisher = {Massachusetts Institute of Technology},
  address = {Cambridge, MA, USA},
}

@inproceedings{DynamoRIOOptimization,
  author    = {Derek Bruening and
               Timothy Garnett and
               Saman P. Amarasinghe},
  title     = {An Infrastructure for Adaptive Dynamic Optimization},
  booktitle = {CGO},
  year      = {2003},
  pages     = {265-275},
}

@inproceedings{PinOS,
  author = {Bungale, Prashanth P. and Luk, Chi-Keung},
  booktitle = {In VEE},
  title = {PinOS: a programmable framework for whole-system dynamic instrumentation.},
  year = 2007
}

@inproceedings{UnlimitedWatchpoints,
   author              = {Joseph L. Greathouse and 
                          Hongyi Xin and 
                          Yixin Luo and 
                          Todd M. Austin},
   title               = {A case for unlimited watchpoints.},
   booktitle           = {ASPLOS},
   year                = {2012},
}



@inproceedings{AddressSanitizer,
  title = {{AddressSanitizer: A Fast Address Sanity Checker}},
  author  = {Konstantin Serebryany and Derek Bruening and Alexander Potapenko and Dmitry Vyukov},
  year  = 2012,
  booktitle = {USENIX ATC 2012}
}

@inproceedings{ThreadSanitizer,
  author    = {Konstantin Serebryany and
               Alexander Potapenko and
               Timur Iskhodzhanov and
               Dmitriy Vyukov},
  title     = {Dynamic Race Detection with LLVM Compiler - Compile-Time
               Instrumentation for ThreadSanitizer},
  booktitle = {RV},
  year      = {2011},
  pages     = {110-114},
  ee        = {http://dx.doi.org/10.1007/978-3-642-29860-8_9},
  OPTcrossref  = {DBLP:conf/rv/2011},
  bibsource = {DBLP, http://dblp.uni-trier.de}
}


@inproceedings{DynamoRIOWatchpoints,
  author = {Zhao, Qin and Rabbah, Rodric and Amarasinghe, Saman and Rudolph, Larry and Wong, Weng-Fai},
  title = {How to do a million watchpoints: efficient debugging using dynamic instrumentation},
  booktitle = {CC / ETAPS},
  year = {2008},
}

@inproceedings{Memcheck,
  author = {Nethercote, Nicholas and Seward, Julian},
  title = {How to shadow every byte of memory used by a program},
  booktitle = {VEE},
  year = {2007},
}

@INPROCEEDINGS{Mondrix,
    author = {Emmett Witchel and Junghwan Rhee and Krste Asanovic},
    title = {{Mondrix: Memory isolation for Linux using Mondriaan memory protection}},
    booktitle = {SOSP},
    year = {2005},
    pages = {31--44}
}

 INPROCEEDINGS{ReferentPointers,
  author = {Richard W M Jones and Paul H J Kelly},
  title = {{Backwards-compatible bounds checking for arrays and pointers in C programs}},
  booktitle = {Distributed Enterprise Applications. HP Labs Tech Report},
  year = {1997},
}

@inproceedings{BccFatPointers,
  author = {S.C. Kendall},
  title = {{Bcc: Run-time checking for C programs}},
  year = {1983},
  booktitle = {USENIX Toronto 1983 Summer Conference Proceedings},
}

@article{GibraltarKernelInvariants,
  author = {Baliga, Arati and Ganapathy, Vinod and Iftode, Liviu},
  title = {Detecting Kernel-Level Rootkits Using Data Structure Invariants},
  journal = {IEEE Trans. Dependable Secur. Comput.},
  year = {2011},
}

@inproceedings{OSck,
  Author = {Owen Hofmann and Alan M. Dunn and Sangman Kim and Indrajit Roy and Emmett Witchel},
  Title = {Ensuring Operating System Kernel Integrity with {OSck}},
  booktitle = {ASPLOS},
  Year = {2011}
}

@inproceedings{LXFI,
  author = {Mao, Yandong and Chen, Haogang and Zhou, Dong and Wang, Xi and Zeldovich, Nickolai and Kaashoek, M. Frans},
  title = {Software fault isolation with {API} integrity and multi-principal modules},
  booktitle = {SOSP},
  year = {2011},
}

@inproceedings{BGI,
  author = {Castro, Miguel and Costa, Manuel and Martin, Jean-Philippe and Peinado, Marcus and Akritidis, Periklis and Donnelly, Austin and Barham, Paul and Black, Richard},
  booktitle = {SOSP},
  title = {{Fast Byte-Granularity Software Fault Isolation}},
  year = {2009}
}

@inproceedings{RCU,
  author = {Paul E. McKenney and John D. Slingwine},
  title = {{Read-copy update: Using execution history to solve concurrency problems}},
  booktitle = {Parallel and Distributed Computing Systems},
  year = {1998},
}

@misc{GranaryAtOSDI,
  author = {Peter Goodman and Akshay Kumar and Angela Demke Brown and Ashvin Goel},
  title = {Granary: Comprehensive Kernel Module Instrumentation},
  booktitle = {In OSDI},
  year = {2012},
  howpublished = {Poster at OSDI'12},
  series = {OSDI '12}
}

@inproceedings{BehaveOrBeWatched,
  author = {Akshay Kumar and Peter Goodman and Angela Demke Brown and Ashvin Goel},
  title = {Behave or Be Watched: Debugging with Behavioral Watchpoints},
  booktitle = {9th Workshop on Hot Topics in Dependable Systems},
  year = {2012},
  series = {Hotep '13}
}

@misc{GranaryAtASPLOS,
  author = {Peter Goodman and Akshay Kumar and Angela Demke Brown and Ashvin Goel},
  title = {Protecting Kernels from Untrusted Modules using Dynamic Binary Instrumentation},
  booktitle = {In ASPLOS},
  year = {2012},
  howpublished = {Poster at ASPLOS'12},
  series = {ASPLOS '12}
}


@online{RCUInLinux,
  AUTHOR = "Paul E. McKenney and Silas Boyd-Wickizer and Jonathan Walpole",
  TITLE = "{RCU} Usage In the Linux Kernel: One Decade Later",
  YEAR = {2012},
  url = {http://www2.rdrop.com/users/paulmck/techreports/survey.2012.09.17a.pdf}
}

@online{AgnerMicroarchitecture,
  author = "Agner Fog",
  title = "The microarchitecture of Intel, AMD and VIA CPUs: An optimization guide for assembly programmers and compiler makers",
  year = {2013},
  url = {http://www.agner.org/optimize/microarchitecture.pdf}
}

@inproceedings{SecureProgramExecFlowTracking,
 author = {Suh, G. Edward and Lee, Jae W. and Zhang, David and Devadas, Srinivas},
 title = {Secure program execution via dynamic information flow tracking},
 booktitle = {ASPLOS},
 year = {2004},
}

@inproceedings{Guardrail,
 author = {Ruwase, Olatunji and B. Gibbons, Phillip and A. Kozuch, Michael and C. Mowry, Todd},
 title = {Guardrail: High Fidelity Correctness Checking of Device Drivers for Safeguarding I/O Operations},
 booktitle = {ASPLOS},
 year = {2014},
} 

@inproceedings{PinADX,
  author = {Lueck, Gregory and Patil, Harish and Pereira, Cristiano},
  title = {{PinADX}: an interface for customizable debugging with dynamic instrumentation},
  booktitle = {CGO},
  year = {2012},
} 

@inproceedings{QEMU,
  author = {Bellard, Fabrice},
  title = {QEMU, a fast and portable dynamic translator},
  booktitle = {Proceedings of the USENIX Annual Technical Conference},
  series = {ATC '05},
  year = {2005},
  location = {Anaheim, CA},
  pages = {41--41},
  numpages = {1},
  publisher = {USENIX Association},
  address = {Berkeley, CA, USA},
} 

@inproceedings{NaCl,
  address = {Oakland, CA},
  author = {Yee, Bennet and Sehr, David and Dardyk, Gregory and Chen, Bradley and Muth, Robert and Ormandy, Tavis and Okasaka, Shiki and Narula, Neha and Fullagar, Nicholas},
  booktitle = {SP},
  file = {:home/peter/Documents/Mendeley Desktop/SP - 2009 - Native Client A Sandbox for Portable, Untrusted x86 Native Code - Yee et al.pdf:pdf},
  pages = {79--93},
  publisher = {IEEE Computer Society},
  title = {{Native Client: A Sandbox for Portable, Untrusted x86 Native Code}},
  year = {2009}
}

@inproceedings{Vx32,
  address = {Boston, MA},
  author = {Ford, Bryan and Cox, Russ},
  booktitle = {USENIX ATC},
  file = {:home/peter/Documents/Mendeley Desktop/USENIX ATC - 2008 - Vx32 Lightweight user-level sandboxing on the x86 - Ford, Cox.pdf:pdf},
  publisher = {USENIX Association},
  title = {{Vx32: Lightweight user-level sandboxing on the x86}},
  year = {2008}
}

@inproceedings{Pin,
  address = {Chicago, IL},
  author = {Luk, C. K. and Cohn, Robert and Muth, Robert and Patil, Harish and Klauser, Artur and Lowney, Geoff and Wallace, Steven and Reddi, V. J. and Hazelwood, K.},
  booktitle = {PLDI},
  file = {:home/peter/Documents/Mendeley Desktop/PLDI - 2005 - Pin building customized program analysis tools with dynamic instrumentation - Luk et al.pdf:pdf},
  keywords = {and eventually detach,collect profiles,dynamic com-,instrumentation,program analysis tools,strument it,the application},
  pages = {190--200},
  publisher = {ACM},
  title = {{Pin: building customized program analysis tools with dynamic instrumentation}},
  year = {2005}
}

@inproceedings{Valgrind,
  address = {San Diego, CA},
  author = {Nethercote, Nicholas and Seward, Julian},
  booktitle = {PLDI},
  file = {:home/peter/Documents/Mendeley Desktop/PLDI - 2007 - Valgrind a framework for heavyweight dynamic binary instrumentation - Nethercote, Seward.pdf:pdf},
  pages = {89--100},
  publisher = {ACM},
  title = {{Valgrind: a framework for heavyweight dynamic binary instrumentation}},
  year = {2007}
}

@inproceedings{Transparency,
  author    = {Derek Bruening and
               Qin Zhao and
               Saman P. Amarasinghe},
  title     = {Transparent dynamic instrumentation},
  booktitle = {VEE},
  year      = {2012},
  pages     = {133-144},
  ee        = {http://doi.acm.org/10.1145/2151024.2151043},
  OPTcrossref  = {DBLP:conf/vee/2012},
  bibsource = {DBLP, http://dblp.uni-trier.de}
}

@inproceedings{DeviceDriverClassification,
  author    = {Asim Kadav and
               Michael M. Swift},
  title     = {Understanding modern device drivers},
  booktitle = {ASPLOS},
  year      = {2012},
  pages     = {87-98},
  ee        = {http://doi.acm.org/10.1145/2150976.2150987},
  OPTcrossref  = {DBLP:conf/asplos/2012},
  bibsource = {DBLP, http://dblp.uni-trier.de}
}

@inproceedings{FaultsInLinux,
  author    = {Nicolas Palix and
               Ga{\"e}l Thomas and
               Suman Saha and
               Christophe Calv{\`e}s and
               Julia L. Lawall and
               Gilles Muller},
  title     = {Faults in linux: ten years later},
  booktitle = {ASPLOS},
  year      = {2011},
  pages     = {305-318},
  ee        = {http://doi.acm.org/10.1145/1950365.1950401},
  OPTcrossref  = {DBLP:conf/asplos/2011},
  bibsource = {DBLP, http://dblp.uni-trier.de}
}


@inproceedings{KernInst,
  author = {Tamches, Ariel and Miller, Barton P.},
  booktitle = {OSDI},
  pages = {117-130},
  publisher = {USENIX Association},
  title = {Fine-Grained Dynamic Instrumentation of Commodity Operating System Kernels.},
  year = 1999
}

@article{LTTng,
 author = {Toupin, Dominique},
 title = {Using Tracing to Diagnose or Monitor Systems},
 journal = {IEEE Softw.},
 issue_date = {January 2011},
 volume = {28},
 number = {1},
 month = jan,
 year = {2011},
 pages = {87--91},
 publisher = {IEEE Computer Society Press},
}

@misc{KProbes,
  key = {{L}inux {T}echnology {C}enter},
  title = {KProbes},
  howpublished={\url{http://sourceware.org/systemtap/kprobes/}},
  note = {Accessed: 2013-07-15}
}

online{KProbes,
  author = {Linux Technology Center},
  title = {KProbes},
  url = {http://sourceware.org/systemtap/kprobes/},
}

@inproceedings{DProbes,
 author = {Moore, Richard J.},
 title = {A Universal Dynamic Trace for Linux and Other Operating Systems},
 booktitle = {Proceedings of the FREENIX Track: 2001 USENIX Annual Technical Conference},
 year = {2001},
 pages = {297--308},
 publisher = {USENIX Association},
}
1

online{ftrace,
  url = {http://lwn.net/Articles/322666/},
  title = {A look at ftrace},
  author = {Jake Edge},
  year = {2009},
} 

@misc{ftrace,
  howpublished = {\url{http://lwn.net/Articles/322666/}},
  title = {A look at ftrace},
  author = {Jake Edge},
  year = {2009},
  note = {Accessed: 2013-07-15}
}

@inproceedings{btkernel,
 author = {Kedia, Piyus and Bansal, Sorav},
 title = {Fast dynamic binary translation for the kernel},
 booktitle = {Proceedings of the Twenty-Fourth ACM Symposium on Operating Systems Principles},
 series = {SOSP '13},
 year = {2013}
} 

@inproceedings{ProgramShepherding,
 author = {Kiriansky, Vladimir and Bruening, Derek and Amarasinghe, Saman P.},
 title = {Secure Execution via Program Shepherding},
 booktitle = {Proceedings of the 11th USENIX Security Symposium},
 year = {2002},
}

@article{ProfilingSimics,
 author = {Faroughi, Nikrouz},
 title = {Profiling of parallel processing programs on shared memory multiprocessors using Simics},
 journal = {SIGARCH Comput. Archit. News},
 year = {2005},
} 

@inproceedings{AnyWhereAnyTimeDBT,
 author = {Bernat, Andrew R. and Miller, Barton P.},
 title = {Anywhere, any-time binary instrumentation},
 booktitle = {Proceedings of the 10th ACM SIGPLAN-SIGSOFT workshop on Program analysis for software tools},
 series = {PASTE '11},
 year = {2011}
} 